<record><leader>01357cam a2200373Ii 4500</leader><controlfield tag="001">6811254</controlfield><controlfield tag="003">OCoLC</controlfield><controlfield tag="005">20141206082027.6</controlfield><controlfield tag="008">140330s2015    oncab    b    001 0 eng d</controlfield><datafield ind1=" " ind2=" " tag="020"><subfield code="a">9780195447071</subfield><subfield code="q">(pbk.)</subfield></datafield><datafield ind1=" " ind2=" " tag="020"><subfield code="a">0195447077</subfield><subfield code="q">(pbk.)</subfield></datafield><datafield ind1=" " ind2=" " tag="035"><subfield code="a">ocn889850481</subfield></datafield><datafield ind1=" " ind2=" " tag="039"><subfield code="a">exclude</subfield></datafield><datafield ind1=" " ind2=" " tag="040"><subfield code="a">CEF</subfield><subfield code="b">eng</subfield><subfield code="e">rda</subfield><subfield code="c">CEF</subfield><subfield code="d">NLE</subfield><subfield code="d">YDXCP</subfield><subfield code="d">OCLCQ</subfield><subfield code="d">IOG</subfield><subfield code="d">AEU</subfield></datafield><datafield ind1=" " ind2=" " tag="043"><subfield code="a">n-cn---</subfield><subfield code="a">n-us---</subfield></datafield><datafield ind1=" " ind2="4" tag="050"><subfield code="a">F1029.5.U6</subfield><subfield code="b">A99 2015</subfield></datafield><datafield ind1=" " ind2="0" tag="055"><subfield code="a">FC249</subfield><subfield code="b">A99 2014</subfield></datafield><datafield ind1="0" ind2="4" tag="082"><subfield code="a">327.71073</subfield><subfield code="2">23</subfield></datafield><datafield ind1=" " ind2=" " tag="090"><subfield code="a">F 1029.5 U6 A99 2015</subfield><subfield code="b">AEKC</subfield></datafield><datafield ind1="1" ind2=" " tag="100"><subfield code="a">Azzi, Stephen,</subfield><subfield code="d">1965-</subfield><subfield code="e">author.</subfield></datafield><datafield ind1="1" ind2="0" tag="245"><subfield code="a">Reconcilable differences :</subfield><subfield code="b">a history of Canada-US relations /</subfield><subfield code="c">Stephen Azzi.</subfield></datafield><datafield ind1=" " ind2="1" tag="264"><subfield code="a">Don Mills, Ontario :</subfield><subfield code="b">Oxford University Press,</subfield><subfield code="c">2015.</subfield></datafield><datafield ind1=" " ind2=" " tag="300"><subfield code="a">xvii, 301 pages :</subfield><subfield code="b">illustrations, maps ;</subfield><subfield code="c">23 cm.</subfield></datafield><datafield ind1=" " ind2=" " tag="336"><subfield code="a">text</subfield><subfield code="b">txt</subfield><subfield code="2">rdacontent</subfield></datafield><datafield ind1=" " ind2=" " tag="337"><subfield code="a">unmediated</subfield><subfield code="b">n</subfield><subfield code="2">rdamedia</subfield></datafield><datafield ind1=" " ind2=" " tag="338"><subfield code="a">volume</subfield><subfield code="b">nc</subfield><subfield code="2">rdacarrier</subfield></datafield><datafield ind1="1" ind2=" " tag="490"><subfield code="a">Living history series</subfield></datafield><datafield ind1=" " ind2=" " tag="504"><subfield code="a">Includes bibliographical references (pages 271-289) and index.</subfield></datafield><datafield ind1=" " ind2=" " tag="596"><subfield code="a">31</subfield></datafield><datafield ind1=" " ind2="0" tag="651"><subfield code="a">Canada</subfield><subfield code="x">Relations</subfield><subfield code="z">United States</subfield><subfield code="v">Textbooks.</subfield></datafield><datafield ind1=" " ind2="0" tag="651"><subfield code="a">United States</subfield><subfield code="x">Relations</subfield><subfield code="z">Canada</subfield><subfield code="v">Textbooks.</subfield></datafield><datafield ind1=" " ind2="0" tag="830"><subfield code="a">Living history series.</subfield></datafield><datafield ind1=" " ind2=" " tag="949"><subfield code="i">31979000578250</subfield><subfield code="h">SKING-RF-B</subfield><subfield code="l">ON_SHELF</subfield></datafield><datafield ind1=" " ind2=" " tag="926"><subfield code="a">F 1029.5 U6 A99 2015</subfield><subfield code="w">LC</subfield><subfield code="c">1</subfield><subfield code="i">31979000578250</subfield><subfield code="l">ON_SHELF</subfield><subfield code="m">KINGS</subfield><subfield code="r">Y</subfield><subfield code="s">Y</subfield><subfield code="t">NO_LOAN</subfield><subfield code="u">2/24/2015</subfield></datafield></record>